<?xml version="1.0" encoding="UTF-8"?><collection xmlns="http://www.loc.gov/MARC21/slim"><record><leader>00502nam--2200193-u-4500</leader><controlfield tag="001">000055289</controlfield><controlfield tag="002">20161230</controlfield><controlfield tag="005">20161230201052</controlfield><controlfield tag="008">121206s1000------------r-----000-0-rus-d</controlfield><datafield ind1=" " ind2=" " tag="040"><subfield code="a">IFIN-HH</subfield></datafield><datafield ind1=" " ind2=" " tag="041"><subfield code="a">rus</subfield></datafield><datafield ind1=" " ind2=" " tag="080"><subfield code="a">537.611.44/.45</subfield></datafield><datafield ind1="1" ind2=" " tag="100"><subfield code="a">Kurkin, M.I</subfield></datafield><datafield ind1="1" ind2="0" tag="245"><subfield code="a">Iamr v magnito-uporiadocennih vesestvah i ego primenenia</subfield><subfield code="c">M.i. kurkin, e.a. turov</subfield></datafield><datafield ind1=" " ind2=" " tag="260"><subfield code="a">Moskva</subfield><subfield code="b">Nauka</subfield><subfield code="c">1990</subfield></datafield><datafield ind1=" " ind2=" " tag="300"><subfield code="a">243P</subfield></datafield><datafield ind1="1" ind2=" " tag="700"><subfield code="a">Turov, E.A</subfield></datafield><datafield ind1=" " ind2=" " tag="852"><subfield code="a">78440</subfield><subfield code="c">539.21</subfield></datafield><datafield ind1=" " ind2=" " tag="CAT"><subfield code="a">Sys</subfield><subfield code="c">20121206</subfield><subfield code="h">175712</subfield></datafield></record></collection>